@book{EN10,
	author = {Elmasri, R. A. and Navathe, S. B.},
	title = {Fundamentals of Database Systems},
	edition={6},
	year = {2011},
	publisher = {Addison-Wesley}
}

@book{KE15,
	author = {Kemper, A. and Eickler, A.},
	title = {Datenbanksysteme -- Eine Einf√ºhrung},
	year = {2015},
	publisher = {De Gruyter},
	edition={10}
}

@book{LL99,
	author = {Levene, M. and Loizou, G.},
	publisher = {Springer},
	title = {A Guided Tour of Relational Databases and Beyond},
	year = {1999}
}

@book{SSH11,
	author = {Saake, G. and Heuer, A. and Sattler, K. U.},
	edition = {3},
	publisher = {mitp},
	title = {{Datenbanken: Implementierungstechniken}},
	year = {2011}
}

@book{SKS11,
	author = {Silberschatz, A. and Korth, H. F. and Sudarshan, S.},
	title = {Database System Concepts},
	year = {2011},
	publisher = {McGraw-Hill},
	edition={6}
}

